%  bibliography file for CS519 Final Report
%  

ï»¿@ARTICLE{singh:lifecycle,
	AUTHOR = {Singh, Raghu},
	TITLE = {International Standard ISO/IEC 12207 Software Life Cycle Processes},
	JOURNAL = {Software Process: Improvement and Practice},
	VOLUME = {2},
	NUMBER = {1},
	PUBLISHER = {John Wiley & Sons, Ltd.},
	ISSN = {1099-1670},
	HOWPUBLISHED = "\url{http://dx.doi.org/10.1002/(SICI)1099-1670(199603)2:1<35::AID-SPIP29>3.0.CO;2-3}",
	DOI = {10.1002/(SICI)1099-1670(199603)2:1<35::AID-SPIP29>3.0.CO;2-3},
	PAGES = {35--50},
	YEAR = {1996}
}

@ARTICLE{fowler:continuous,
	AUTHOR = {Martin Fowler},
	TITLE = "Continuous Integration",
	YEAR = {2006}	
	HOWPUBLISHED = "\url{http://www.dccia.ua.es/dccia/inf/asignaturas/MADS/lecturas/10_Fowler_Continuous_Integration.pdf}"	}

@INPROCEEDINGS{pirolli:sensemaking,
	AUTHOR = {Peter Pirolli and Stuart Card},
	TITLE = "The sensemaking process and leverage points for analyst technology as identified through cognitive task analysis",
	BOOKTITLE = "Proceedings of International Conference on Intelligence Analysis (ICIA '05)",
	VOLUME = {5},
	PAGES = {2--4},
	YEAR = {2005}	}

@INCOLLECTION{beck:extreme_programming,
	AUTHOR = {Kent Beck},
	TITLE = "Extreme programming: A humanistic discipline of software development",
	BOOKTITLE = "Fundamental Approaches to Software Engineering",
	PAGES = {1--6},
	YEAR = {1998},
	PUBLISHER = {Springer}	}

@MISC{beck:agile_manifesto,
	AUTHOR = {Beck, Kent and Beedle, Mike and Van Bennekum, Arie and Cockburn, Alistair and Cunningham, Ward and Fowler, Martin and Grenning, James and Highsmith, Jim and Hunt, Andrew and Jeffries, Ron},
	TITLE = "The Agile Manifesto",
	YEAR = {2001}	}

@INPROCEEDINGS{miller:hundreddays,
	AUTHOR = {Miller, Ade},
	TITLE = "A hundred days of continuous integration",
	BOOKTITLE = "Agile, 2008. AGILE'08. Conference",
	PAGES = {289--293},
	YEAR = {2008},
	ORGANIZATION = {IEEE}	}

@INPROCEEDINGS{olsson:climbingstairway,
	AUTHOR = {Olsson, Helena Holmstr{\"o}m and Alahyari, Hiva and Bosch, Jan},
	TITLE = "Climbing the" Stairway to Heaven"--A Mulitiple-Case Study Exploring Barriers in the Transition from Agile Development towards Continuous Deployment of Software",
	BOOKTITLE = "Software Engineering and Advanced Applications (SEAA), 2012 38th EUROMICRO Conference on",
	PAGES = {392--399},
	YEAR = {2012},
	ORGANIZATION = {IEEE}	}

@INCOLLECTION{deshpande:ci_opensource,
	AUTHOR = {Deshpande, Amit and Riehle, Dirk},
	TITLE = "Continuous Integration in Open Source Software Development",
	BOOKTITLE = "Open Source Development, Communities and Quality",
	PAGES = {273--280},
	YEAR = {2008},
	PUBLISHER = {Springer}	}

@article{staahl:modelingdiffs,
	AUTHOR = {St{\aa}hl, Daniel and Bosch, Jan},
	TITLE = "Modeling continuous integration practice differences in industry software development",
	JOURNAL = "Journal of Systems and Software",
	VOLUME = {87},
	PAGES = {48--59},
	YEAR = {2014},
	PUBLISHER = {Elsevier}
}
